@manual{xecjk,
title = {xeCJK 宏包},
url = {http://mirrors.ctan.org/macros/xetex/latex/xecjk/xeCJK.pdf},
urldate = {2019-10-24},
note = {Version: 3.7.4},
}

@manual{ctex,
title = {ctex 宏集手册},
url = {http://mirrors.ctan.org/language/chinese/ctex/ctex.pdf},
urldate = {2019-10-24},
note = {Version: 2.4.16},
}

@manual{latexmk,
title = {Manual page for latexmk},
url = {http://mirrors.ctan.org/support/latexmk/latexmk.txt},
urldate = {2019-10-24},
note = {Version: 4.65 2019-06-18},
}

@online{input-include-tex,
title = {When should I use \textbackslash input vs. \textbackslash include? --- tex.stackexchange.com},
url = {https://tex.stackexchange.com/a/250},
urldate = {2019-10-24},
}

@online{input-include-overleaf,
title = {},
url = {https://www.overleaf.com/learn/latex/Management_in_a_large_project},
urldate = {2019-10-24},
}