@BOOK{LaTeX入门,
	title={\LaTeX{} 入门},
	publisher={电子工业出版社},
	year={2013},
	month={6},
	author={刘海洋},
}

@BOOK{LaTeX完全学习手册,
	title={\LaTeX{} 完全学习手册},
	publisher={清华大学出版社},
	year={2011},
	month={1},
	author={胡伟},
}

@MANUAL{CTeX宏集手册,
	title={\CCTeX{} 宏集手册},
	year={2019},
	month={5},
	organization={CTEX.ORG},
	address={\href{https://www.ctan.org/pkg/ctex}{https://www.ctan.org/pkg/ctex}}
}

@MANUAL{esint,
	title={Alternate Integral Signs with \LaTeX},
	year={2019},
	month={8},
	organization={Eddie Saudrais},
	address={\href{https://www.ctan.org/pkg/esint}{https://www.ctan.org/pkg/esint}}
}

@BOOK{无机化学,
	title={无机化学},
	publisher={高等教育出版社},
	year={2002},
	month={8},
	author={北京师范大学、华中师范大学、南京师范大学无机化学教研室},
}
